@Manual{Gustafsson-2010,
 title = {Particle filter theory and practice with positioning applications},
 author = {Fredrik Gustafsson},
 journal={IEEE Aerospace and Electronic Systems Magazine},
 volume={25},
 number={7},
 pages={53\textendash 82},
 year = {2010},
 publisher={IEEE}
}

@Manual{Sarkka-2013,
  title = {Bayesian Filtering and Smoothing},
  author = {Simo Särkkä},
  year = {2013},
  publisher = {Cambridge University Press},
  url = {https://users.aalto.fi/~ssarkka/pub/cup_book_online_20131111.pdf}
}


